<?xml version="1.0" encoding="UTF-8" ?><marc:collection xmlns:marc="http://www.loc.gov/MARC21/slim" xmlns:xsi="http://www.w3.org/2001/XMLSchema-instance" xsi:schemaLocation="http://www.loc.gov/MARC21/slim http://www.loc.gov/standards/marcxml/schema/MARC21slim.xsd">
<marc:record><marc:leader>03650cam a2200421Ki 4500</marc:leader>
<marc:controlfield tag="001">b14395423</marc:controlfield>
<marc:controlfield tag="003">UaCaAUL</marc:controlfield><marc:controlfield tag="005">20170228014836.0</marc:controlfield><marc:controlfield tag="008">981105s1935    ua            000 0 ara d</marc:controlfield><marc:datafield tag="010" ind1=" " ind2=" "><marc:subfield code="a">68004634</marc:subfield></marc:datafield><marc:datafield tag="035" ind1=" " ind2=" "><marc:subfield code="a">(OCoLC)40244154</marc:subfield></marc:datafield><marc:datafield tag="040" ind1=" " ind2=" "><marc:subfield code="a">EUX</marc:subfield><marc:subfield code="b">eng</marc:subfield><marc:subfield code="e">rda</marc:subfield><marc:subfield code="c">EUX</marc:subfield><marc:subfield code="d">OCLCQ</marc:subfield><marc:subfield code="d">OCLCF</marc:subfield><marc:subfield code="d">OCLCO</marc:subfield><marc:subfield code="d">OCLCQ</marc:subfield><marc:subfield code="d">MEAUC</marc:subfield></marc:datafield><marc:datafield tag="049" ind1=" " ind2=" "><marc:subfield code="a">MAIN</marc:subfield></marc:datafield><marc:datafield tag="050" ind1=" " ind2="4"><marc:subfield code="a">BP166.2</marc:subfield><marc:subfield code="b">.I232 1935</marc:subfield></marc:datafield><marc:datafield tag="066" ind1=" " ind2=" "><marc:subfield code="c">(3</marc:subfield></marc:datafield><marc:datafield tag="090" ind1=" " ind2=" "><marc:subfield code="a">BP166.2</marc:subfield><marc:subfield code="b">.I232 1935</marc:subfield></marc:datafield><marc:datafield tag="100" ind1="1" ind2=" "><marc:subfield code="6">880-01</marc:subfield><marc:subfield code="a">Ibn Khuzaymah, Muḥammad ibn Isḥāq,</marc:subfield><marc:subfield code="d">838-924.</marc:subfield></marc:datafield><marc:datafield tag="240" ind1="1" ind2="0"><marc:subfield code="6">880-02</marc:subfield><marc:subfield code="a">Tawḥīd wa-ithbāt ṣifāt al-Rabb.</marc:subfield></marc:datafield><marc:datafield tag="245" ind1="1" ind2="0"><marc:subfield code="6">880-03</marc:subfield><marc:subfield code="a">Kitāb al-tawḥīd wa-ithbāt ṣifāt al-rabb :</marc:subfield><marc:subfield code="b">allatī waṣafa bihā nafsahu fī tanzīlihi alladhī anzalahu ʻalá nabīhi al-Muṣṭafá ṣallá Allāh ʻalayhi wa-ālihi wa-sallam, wa-ʻalá lisān nabīhi naqala al-akhbār al-thābitah al-ṣaḥīḥah naql al-ʻudūl ʻan al-ʻudūl min ghayr qaṭʻa fī isnād wa-lā jarḥ fī nāqilī al-akhbār al-thiqāt /</marc:subfield><marc:subfield code="c">taʼlīf al-ḥāfiẓ al-kabīr imām al-aʼimmah wa-raʼs al-muḥaddithīn shaykh al-Islām Abī Bakr Muḥammad ibn Isḥaq ibn Khuzaymah ibn al-Mughīrah ibn Ṣāliḥ ibn Bakr al-Salamī al-Nīsābūrī ṣāḥib al-muṣannafāt al-kathīrah (ka-al-ṣaḥīḥ) la-mawlūd sanat thalāth wa-ʻishrīn wa-māʼitayn wa-al-mutawaffá sanat iḥdá ʻashrah wa-thalāthumāʼih.</marc:subfield></marc:datafield><marc:datafield tag="264" ind1=" " ind2="1"><marc:subfield code="6">880-04</marc:subfield><marc:subfield code="a">Miṣr :</marc:subfield><marc:subfield code="b">Idārat al-Ṭibāʻah al-Munīrīyah li-ṣāḥibihā wa-mudīrihā Muḥammad Munīr ʻAbduh Aghā al-Dimashqī,</marc:subfield><marc:subfield code="c">1353 H [1935 M].</marc:subfield></marc:datafield><marc:datafield tag="300" ind1=" " ind2=" "><marc:subfield code="a">17, 250, 9 pages.</marc:subfield></marc:datafield><marc:datafield tag="336" ind1=" " ind2=" "><marc:subfield code="a">text</marc:subfield><marc:subfield code="b">txt</marc:subfield><marc:subfield code="2">rdacontent.</marc:subfield></marc:datafield><marc:datafield tag="337" ind1=" " ind2=" "><marc:subfield code="a">unmediated</marc:subfield><marc:subfield code="b">n</marc:subfield><marc:subfield code="2">rdamedia.</marc:subfield></marc:datafield><marc:datafield tag="338" ind1=" " ind2=" "><marc:subfield code="a">volume</marc:subfield><marc:subfield code="b">nc</marc:subfield><marc:subfield code="2">rdacarrier.</marc:subfield></marc:datafield><marc:datafield tag="500" ind1=" " ind2=" "><marc:subfield code="6">880-05</marc:subfield><marc:subfield code="a">&quot;Ṭubiʻat ʻalá nuskhtinā baʻda ʻarḍihā ʻalá al-nuskhah al-taymūrīyah.&quot;</marc:subfield></marc:datafield><marc:datafield tag="500" ind1=" " ind2=" "><marc:subfield code="6">880-06</marc:subfield><marc:subfield code="a">&quot;Ṣaḥḥaḥahā wa-ʻallaqa ʻalayhā lil-marrah al-ūlá sanat thalāth wa-khamsīn wa-thalāthumāʼih wa-alf H.&quot;</marc:subfield></marc:datafield><marc:datafield tag="650" ind1=" " ind2="0"><marc:subfield code="a">God (Islam)</marc:subfield><marc:subfield code="x">Attributes.</marc:subfield></marc:datafield><marc:datafield tag="650" ind1=" " ind2="0"><marc:subfield code="a">God (Islam)</marc:subfield><marc:subfield code="x">Proof.</marc:subfield></marc:datafield><marc:datafield tag="880" ind1="1" ind2=" "><marc:subfield code="6">100-01/(3/r</marc:subfield><marc:subfield code="a">ابن خزيمة، محمد بن إسحاق،</marc:subfield><marc:subfield code="d">838-924.</marc:subfield></marc:datafield><marc:datafield tag="880" ind1="1" ind2="0"><marc:subfield code="6">240-02/(3/r</marc:subfield><marc:subfield code="a">توحيد وإثبات صفات الرب.</marc:subfield></marc:datafield><marc:datafield tag="880" ind1="1" ind2="0"><marc:subfield code="6">245-03/(3/r</marc:subfield><marc:subfield code="a">كتاب التوحيد واثبات صفات الرب :</marc:subfield><marc:subfield code="b">التي وصف بها نفسه في تنزيله الذي انزله على نبيه المصطفى صلى اللة عليه وآله وسلم : وعلى لسان نبيه نقل الأخبار الثابتة الصحيحة نقل العدول عن العدول من غير قطع في اسناد : ولا جرح في ناقلي الأخبار الثقات /</marc:subfield><marc:subfield code="c">تأليف الحافظ الكبير إمام الأئمة ورأس المحدثين شيخ الاسلام أبي بكر محمد بن إسحق بن خزيمة بن المغيرة بن صالح بن بكر السلمي النيسابوري صاحب المصنفات الكثيرة (كالصحيح) المولود سنة ثلاث وعشرين ومائتين والمتوفى سنة إحدى عشرة وثلاثمائه..</marc:subfield></marc:datafield><marc:datafield tag="880" ind1=" " ind2="1"><marc:subfield code="6">264-04/(3/r</marc:subfield><marc:subfield code="a">مصر :</marc:subfield><marc:subfield code="b">ادارة الطباعة المنيرية لصاحبها ومديرها محمد منير عبده أغا الدمشقي،</marc:subfield><marc:subfield code="c">1353 ه [1935 م].</marc:subfield></marc:datafield><marc:datafield tag="880" ind1=" " ind2=" "><marc:subfield code="6">500-05/(3/r</marc:subfield><marc:subfield code="a">طبعت على نسختنا بعد عرضها على النسخة التيمورية.&quot;.</marc:subfield></marc:datafield><marc:datafield tag="880" ind1=" " ind2=" "><marc:subfield code="6">500-06/(3/r</marc:subfield><marc:subfield code="a">&quot;صححها وعلق عليها للمرة الأولى سنة ثلاث وخمسين وثلاثمائه والف ه.&quot;.</marc:subfield></marc:datafield><marc:datafield tag="907" ind1=" " ind2=" "><marc:subfield code="a">.b14395423</marc:subfield><marc:subfield code="b">main </marc:subfield></marc:datafield><marc:datafield tag="902" ind1=" " ind2=" "><marc:subfield code="a">170410</marc:subfield></marc:datafield><marc:datafield tag="998" ind1=" " ind2=" "><marc:subfield code="b">1</marc:subfield><marc:subfield code="c">071202</marc:subfield><marc:subfield code="d">m</marc:subfield><marc:subfield code="e">a</marc:subfield><marc:subfield code="f">-</marc:subfield><marc:subfield code="g">0</marc:subfield><marc:subfield code="k">TA</marc:subfield></marc:datafield><marc:datafield tag="945" ind1=" " ind2=" "><marc:subfield code="l">main </marc:subfield></marc:datafield></marc:record>
</marc:collection>
